<?xml version="1.0" encoding="UTF-8"?><collection xmlns="http://www.loc.gov/MARC21/slim"><record><leader>00474nam--2200169-i-4500</leader><controlfield tag="001">000027659</controlfield><controlfield tag="002">20161230</controlfield><controlfield tag="005">20170129223901</controlfield><controlfield tag="008">060222s1000------------r-----000-0-eng-d</controlfield><datafield ind1=" " ind2=" " tag="080"><subfield code="a">621.7</subfield></datafield><datafield ind1=" " ind2=" " tag="100"><subfield code="a">Kremenetki, I. M</subfield></datafield><datafield ind1=" " ind2=" " tag="245"><subfield code="a">Ansamblul masurilor de luat pt.reducerea duratei proceselor de fabricatie. Experienta fabricii boret</subfield></datafield><datafield ind1=" " ind2=" " tag="260"><subfield code="a">Bucuresti</subfield><subfield code="b">I.D.T</subfield><subfield code="c">1951</subfield></datafield><datafield ind1=" " ind2=" " tag="300"><subfield code="a">105 p</subfield></datafield><datafield ind1=" " ind2=" " tag="700"><subfield code="a">Oradovski, G. Z</subfield></datafield><datafield ind1=" " ind2=" " tag="852"><subfield code="a">26817</subfield></datafield><datafield ind1=" " ind2=" " tag="CAT"><subfield code="a">SYS</subfield><subfield code="c">20170129</subfield><subfield code="h">223901</subfield></datafield></record></collection>